Automatically generated by Mendeley Desktop 1.19.4
Any changes to this file will be lost if it is regenerated by Mendeley.

BibTeX export options can be customized via Options -> BibTeX in Mendeley Desktop


@article{ZainEldin2023,
author = {ZainEldin, Hanaa and Gamel, Samah A. and El-Kenawy, El Sayed M. and Alharbi, Amal H. and Khafaga, Doaa Sami and Ibrahim, Abdelhameed and Talaat, Fatma M.},
doi = {10.3390/bioengineering10010018},
file = {:C$\backslash$:/Users/Apurva Sharma Subedi/Downloads/bioengineering-10-00018.pdf:pdf},
issn = {23065354},
journal = {Bioengineering},
keywords = {brain tumor,convolutional neural network,deep learning technique,diagnosing,hyperparameters,optimization},
number = {1},
pages = {1--19},
title = {{Brain Tumor Detection and Classification Using Deep Learning and Sine-Cosine Fitness Grey Wolf Optimization}},
volume = {10},
year = {2023}
}
@article{Sejuti2021,
author = {Sejuti, Zarin Anjuman and Islam, Md Saiful},
doi = {10.1109/ICREST51555.2021.9331060},
file = {:C$\backslash$:/Users/Apurva Sharma Subedi/Downloads/base{\_}paper{\_}tumordetection.pdf:pdf},
isbn = {9781665415767},
journal = {International Conference on Robotics, Electrical and Signal Processing Techniques},
keywords = {Convolutional neural network,Fully connected layer,Magnetic resonance imaging,Performance matrices,Support vector machine},
pages = {644--648},
title = {{An Efficient Method to Classify Brain Tumor using CNN and SVM}},
year = {2021}
}
@article{Mirchandani,

author = {Mirchandani, Ria and Yoon, Caroline and Prakash, Sonica and Khaire, Archita and Naran, Alyssia},
file = {:C$\backslash$:/Users/Apurva Sharma Subedi/Downloads/Comparing{\_}the{\_}Architecture{\_}and{\_}Performance{\_}ofAlexNet{\_}{\_}Faster{\_}R{\_}CNN{\_}{\_}and{\_}YOLOv4{\_}in{\_}theMulticlass{\_}Classification{\_}of{\_}Alzheimer{\_}Brain{\_}MRIScans{\_}Final.pdf:pdf},
pages = {1--10},
title = {{Comparing the Architecture and Performance of AlexNet , Faster R-CNN , and YOLOv4 in the Multiclass Classification of Alzheimer Brain MRI Scans}}
}
@article{Saeedi2023,
author = {Saeedi, Soheila and Rezayi, Sorayya and Keshavarz, Hamidreza and {R. Niakan Kalhori}, Sharareh},
doi = {10.1186/s12911-023-02114-6},
file = {:C$\backslash$:/Users/Apurva Sharma Subedi/Downloads/s12911-023-02114-6.pdf:pdf},
isbn = {1291102302},
issn = {14726947},
journal = {BMC Medical Informatics and Decision Making},
keywords = {Brain tumor,Convolutional neural network,Machine learning,Medical imaging},
number = {1},
pages = {1--17},
pmid = {36691030},
publisher = {BioMed Central},
title = {{MRI-based brain tumor detection using convolutional deep learning methods and chosen machine learning techniques}},
url = {https://doi.org/10.1186/s12911-023-02114-6},
volume = {23},
year = {2023}
}
